<?xml version="1.0" encoding="UTF-8"?><collection xmlns="http://www.loc.gov/MARC21/slim"><record><leader>00517nam--2200193-i-4500</leader><controlfield tag="001">000039506</controlfield><controlfield tag="002">20161230</controlfield><controlfield tag="005">20161230201042</controlfield><controlfield tag="008">060222s1000------------r-----000-0-eng-d</controlfield><datafield ind1=" " ind2=" " tag="020"><subfield code="a">3540161880</subfield></datafield><datafield ind1=" " ind2=" " tag="040"><subfield code="a">IFIN-HH</subfield></datafield><datafield ind1=" " ind2=" " tag="080"><subfield code="a">520.8.056</subfield></datafield><datafield ind1="1" ind2=" " tag="100"><subfield code="a">Rohlfs,Kristen</subfield></datafield><datafield ind1="1" ind2="0" tag="245"><subfield code="a">Tools of radio astronomy. with 127 figures</subfield><subfield code="c">Kristen rohlfs</subfield></datafield><datafield ind1=" " ind2=" " tag="260"><subfield code="a">Berlin</subfield><subfield code="b">Springer-verlag</subfield><subfield code="c">1986</subfield></datafield><datafield ind1=" " ind2=" " tag="300"><subfield code="a">319 P</subfield></datafield><datafield ind1=" " ind2=" " tag="490"><subfield code="a">Astronomy Anbd Astrophysics Library</subfield></datafield><datafield ind1=" " ind2=" " tag="852"><subfield code="a">78656</subfield><subfield code="c">523</subfield></datafield><datafield ind1=" " ind2=" " tag="CAT"><subfield code="a">Sys</subfield><subfield code="c">20141209</subfield><subfield code="h">151522</subfield></datafield></record></collection>